@inproceedings{petersen2009waterfall,
  title={The waterfall model in large-scale development},
  author={Petersen, Kai and Wohlin, Claes and Baca, Dejan},
  booktitle={International Conference on Product-Focused Software Process Improvement},
  pages={386--400},
  year={2009},
  organization={Springer}
}


@article{balaji2012waterfall,
  title={Waterfall vs. V-Model vs. Agile: A comparative study on SDLC},
  author={Balaji, S and Murugaiyan, M Sundararajan},
  journal={International Journal of Information Technology and Business Management},
  volume={2},
  number={1},
  pages={26--30},
  year={2012}
}

@article{mahalakshmi2013traditional,
  title={Traditional SDLC vs scrum methodology--a comparative study},
  author={Mahalakshmi, M and Sundararajan, Mukund},
  journal={International Journal of Emerging Technology and Advanced Engineering},
  volume={3},
  number={6},
  pages={192--196},
  year={2013},
  publisher={Citeseer}
}


