@inproceedings{petersen2009waterfall,
  title={The waterfall model in large-scale development},
  author={Petersen, Kai and Wohlin, Claes and Baca, Dejan},
  booktitle={International Conference on Product-Focused Software Process Improvement},
  pages={386--400},
  year={2009},
  organization={Springer}
}


@article{balaji2012waterfall,
  title={Waterfall vs. V-Model vs. Agile: A comparative study on SDLC},
  author={Balaji, S and Murugaiyan, M Sundararajan},
  journal={International Journal of Information Technology and Business Management},
  volume={2},
  number={1},
  pages={26--30},
  year={2012}
}

@article{mahalakshmi2013traditional,
  title={Traditional SDLC vs scrum methodology--a comparative study},
  author={Mahalakshmi, M and Sundararajan, Mukund},
  journal={International Journal of Emerging Technology and Advanced Engineering},
  volume={3},
  number={6},
  pages={192--196},
  year={2013},
  publisher={Citeseer}
}


@article{tebe2020covid19,
  title={COVID19-world: a shiny application to perform comprehensive country-specific data visualization for SARS-CoV-2 epidemic},
  author={Teb{\'e}, Cristian and Valls, Joan and Satorra, Pau and Tob{\'\i}as, Aurelio},
  journal={BMC Medical Research Methodology},
  volume={20},
  number={1},
  pages={1--7},
  year={2020},
  publisher={Springer}
}
@inproceedings{preim2020survey,
  title={A survey of visual analytics for public health},
  author={Preim, Bernhard and Lawonn, Kai},
  booktitle={Computer Graphics Forum},
  volume={39},
  number={1},
  pages={543--580},
  year={2020},
  organization={Wiley Online Library}
}

@article{fontichiaro2021using,
  title={Using Data Visualizations to Spark Inquiry Conversations about Health},
  author={Fontichiaro, Kristin},
  journal={Teacher Librarian},
  volume={48},
  number={3},
  pages={55--63},
  year={2021},
  publisher={EL Kurdyla Publishing LLC}
}

@article{thorve2018epiviewer,
  title={EpiViewer: an epidemiological application for exploring time series data},
  author={Thorve, Swapna and Wilson, Mandy L and Lewis, Bryan L and Swarup, Samarth and Vullikanti, Anil Kumar S and Marathe, Madhav V},
  journal={BMC bioinformatics},
  volume={19},
  number={1},
  pages={1--10},
  year={2018},
  publisher={BioMed Central}
}
@article{lammers2020correcting,
  title={Correcting misperceptions of exponential coronavirus growth increases support for social distancing},
  author={Lammers, Joris and Crusius, Jan and Gast, Anne},
  journal={Proceedings of the National Academy of Sciences},
  volume={117},
  number={28},
  pages={16264--16266},
  year={2020},
  publisher={National Acad Sciences}
}
@misc{GitHubtasks,
 author = {GitHub},
  title = {Usage of GitHub tasks
           },
  year = {2017},
  howpublished = {"\url{https://github.com/features/project-management/}"}
}
https://www.thelancet.com/journals/lancet/article/PIIS0140-6736(20)32713-6/fulltext
@misc{Smallpox,
 author = {The Lancet},
  title = {The lessons of Smallpox eradication for Covid-19
           },
  year = {2020},
  howpublished = {"\url{https://www.thelancet.com/journals/lancet/article/PIIS0140-6736(20)32713-6/fulltext}"}
}
@article{tovissode2020use,
  title={On the use of growth models to understand epidemic outbreaks with application to COVID-19 data},
  author={Tovissod{\'e}, Ch{\'e}nangnon Fr{\'e}d{\'e}ric and Lokonon, Bruno Enagnon and Gl{\`e}l{\`e} Kaka{\"\i}, Romain},
  journal={Plos one},
  volume={15},
  number={10},
  pages={e0240578},
  year={2020},
  publisher={Public Library of Science San Francisco, CA USA}
}
@misc{Spanishflu,
 author = {Britannica},
  title = {How long did the flu pandemic last},
  year = {2020},
  howpublished = {"\url{https://www.britannica.com/story/how-long-did-the-flu-pandemic-of-1918-last}"}
}
@misc{PopularityofAgile,
author = {hygger.io},
title = {Popularity of Agile;},
year = {2018},
howpublished = {"\url{https://hygger.io/blog/why-agile-is-so-popular-in-project-management/#:~:text=Agile\%20projects\%20are\%2028\%25\%20more,use\%20Agile\%20in\%20their\%20work.&text=27.4\%25\%20of\%20manufacturing\%20companies\%20rely,on\%20the\%20combination\%20of\%20methodologies.} "}
}

@article{kumar2012impact,
  title={Impact of agile methodology on software development process},
  author={Kumar, Gaurav and Bhatia, Pradeep Kumar},
  journal={International Journal of Computer Technology and Electronics Engineering (IJCTEE)},
  volume={2},
  number={4},
  pages={46--50},
  year={2012}
}

@incollection{schwaber1997scrum,
  title={Scrum development process},
  author={Schwaber, Ken},
  booktitle={Business object design and implementation},
  pages={117--134},
  year={1997},
  publisher={Springer}
}
@misc{git,
author={Git},
title ={About Git},
year = {},
howpublished = {"\url{https://git-scm.com/}"}
}
@misc{Postman,
author = {medium.com},
title = {Testing API's},
year = {2018},
howpublished = {"\url{https://medium.com/aubergine-solutions/api-testing-using-postman-323670c89f6d}"}
}
@misc{github,
author = {GitHub},
title = {About GitHub},
year = {},
howpublished = {"\url{https://guides.github.com/activities/hello-world/}"}
}
@misc{flask,
author = {Wikipedia},
title = {Flask Framework},
year = {},
howpublished = {"\url{https://en.wikipedia.org/wiki/Flask_(web_framework)}"}
}
@misc{architecture,
author = {IBM},
title = {Three Tier Architecture},
year = {},
howpublished = {"\url{https://www.ibm.com/cloud/learn/three-tier-architecture}"}
}
@misc{virtualenv,
author = {Flask},
title = {Virtual Environments},
year = {https://flask.palletsprojects.com/en/1.1.x/installation/}},
howpublished = {"\url{https://reactjs.org/}"}
}
@misc{react,
author = {React},
title = {About React},
year = {},
howpublished = {"\url{}"}
}
@misc{favtech,
author = {Stackoverflow},
title = {Most Loved dreaded and wanted},
year = {},
howpublished = {"\url{https://insights.stackoverflow.com/survey/2020#most-loved-dreaded-and-wanted}"}
}
@misc{mongodb,
author = {MongoDB},
title = {About MongoDB},
year = {},
howpublished = {"\url{https://www.mongodb.com/nosql-explained}"}
}
@misc{javascript,
author = {Wikipedia},
title = {JavaScript},
year = {},
howpublished = {"\url{https://en.wikipedia.org/wiki/JavaScript}"}
}
@misc{jsx,
author = {W3Schools},
title = {JSX},
year = {},
howpublished = {"\url{https://www.w3schools.com/react/react_jsx.asp}"}
}
@misc{python,
author = {Wikipedia},
title = {Python},
year = {},
howpublished = {"\url{https://en.wikipedia.org/wiki/Python_(programming_language)}"}
}
@misc{vscode,
author = {VS Code},
title = {Visual Studio Code},
year = {},
howpublished = {"\url{https://code.visualstudio.com/docs}"}
}
@misc{whyvscode,
author = {VS Code},
title = {Why Visual Studio Code},
year = {},
howpublished = {"\url{https://code.visualstudio.com/docs/editor/whyvscode}"}
}
@misc{firebase,
author = {Codeburst},
title = {Firebase},
year = {},
howpublished = {"\url{https://codeburst.io/firebase-spend-more-time-developing-the-features-that-actually-matter-814f57a499af}"}
}
@misc{fbauth,
author = {Google},
title = {Firebase Products},
year = {},
howpublished = {"\url{https://firebase.google.com/products/auth}"}
}
@misc{fbdb,
author = {Google},
title = {Firebase Database},
year = {},
howpublished = {"\url{https://firebase.google.com/products/realtime-database}"}
}
@misc{firestore,
author = {Google},
title = {Firestore},
year = {},
howpublished = {"\url{https://firebase.google.com/products/firestore}"}
}
@misc{d3,
author = {Educative.io},
title = {D3 Tutorial},
year = {},
howpublished = {"\url{https://www.educative.io/blog/d3js-tutorial}"}
}
@misc{heroku,
author = {Heroku},
title = {Heroku Platform},
year = {},
howpublished = {"\url{https://www.heroku.com/platform}"}
}
@misc{unittest,
author = {Wikipedia},
title = {Unit Testing},
year = {},
howpublished = {"\url{https://en.wikipedia.org/wiki/Unit_testing}"}
}
@misc{jest,
author = {Wikipedia},
title = {JS Framework},
year = {},
howpublished = {"\url{https://en.wikipedia.org/wiki/Jest_(JavaScript_framework)}"}
}
@misc{fbemulator,
author = {Google},
title = {Firebase Emulator},
year = {},
howpublished = {"\url{https://firebase.google.com/docs/rules/unit-tests}"}
}
@misc{bubble,
author = {Gapminder},
title = {About Gapminder},
year = {2018},
howpublished = {"\url{https://www.gapminder.org/about/about-gapminder/history/}"}
}
@misc{selenium,
author = {Wikipedia},
title = {About Selenium},
year = {},
howpublished = {"\url{https://en.wikipedia.org/wiki/Selenium_(software)}"}
}
@misc{disease,
author = {disease.sh},
title = {API },
year = {2021},
howpublished = {"\url{https://disease.sh/}"}
}
@misc{,
author = {},
title = {},
year = {},
howpublished = {""}
}
@misc{,
author = {},
title = {},
year = {},
howpublished = {""}
}
@misc{,
author = {},
title = {},
year = {},
howpublished = {""}
}
